@article{meyers,
  title={Integer equal flows},
  author={Carol A. Meyers and Andreas S. Schulz},
  journal={Oper. Res. Lett.},
  year={2009},
  volume={37},
  pages={245-249}
}